@article{industry_4_0,
	author = {Li Da Xu and Eric L. Xu and Ling Li},
	title = {Industry 4.0: state of the art and future trends},
	journal = {International Journal of Production Research},
	volume = {56},
	number = {8},
	pages = {2941--2962},
	year  = {2018},
	publisher = {Taylor & Francis},
	doi = {10.1080/00207543.2018.1444806},
	url = {https://doi.org/10.1080/00207543.2018.1444806},
}
@article{industry_4_0_concepts,
	title = {A review of the meanings and the implications of the Industry 4.0 concept},
	journal = {Procedia Manufacturing},
	volume = {13},
	pages = {1206--1214},
	year = {2017},
	note = {Manufacturing Engineering Society International Conference 2017, MESIC 2017, 28-30 June 2017, Vigo (Pontevedra), Spain},
	issn = {2351-9789},
	doi = {https://doi.org/10.1016/j.promfg.2017.09.032},
	url = {https://www.sciencedirect.com/science/article/pii/S2351978917306649},
	author = {A.C. Pereira and F. Romero},
}
@misc{industry_4_0_slide,
	title = {Slides: Průmysl 4.0 a trendy ve využívání robotů},
	year = {2021},
	institution = {Institute of Automation and Computer Science, Faculty of Mechanical Engineering, Brno University of Technology}
	author = {Branislav Lacko}
}
@book{hartley_zisserman,
	place={Cambridge, UK},
	title={Multiple view geometry in Computer Vision},
	publisher={Cambridge University Press},
	author={Hartley, Richard and Zisserman, Andrew},
	year={2003}
} 
@book{szeliski,
	title={Computer vision: Algorithms and applications},
	publisher={Springer},
	author={Szeliski, Richard},
	year={2022}
} 

@book{sonka,
	address = {Stamford, CT, USA},
	edition = {Fourth edition},
	title = {Image processing, analysis, and machine vision},
	isbn = {9781133593607},
	publisher = {Cengage Learning},
	author = {Sonka, Milan and Hlavac, Vaclav and Boyle, Roger},
	year = {2015},
}

@article{richter_streitferdt,
	author={Richter, Johannes and Streitferdt, Detlef and Rozova, Elena},
	booktitle={2017 IEEE 7th Annual Computing and Communication Workshop and Conference (CCWC)}, 
	title={On the development of intelligent optical inspections}, 
	year={2017},
	volume={},
	number={},
	pages={1--6},
	doi={10.1109/CCWC.2017.7868455}
}
@article{moganti_ercal,
	title = {Automatic PCB Inspection Algorithms: A Survey},
	journal = {Computer Vision and Image Understanding},
	volume = {63},
	number = {2},
	pages = {287--313},
	year = {1996},
	issn = {1077-3142},
	doi = {https://doi.org/10.1006/cviu.1996.0020},
	url = {https://www.sciencedirect.com/science/article/pii/S107731429690020X},
	author = {Madhav Moganti and Fikret Ercal and Cihan H. Dagli and Shou Tsunekawa}
}
@article{lu_shi,
	author = {Rong Sheng Lu and Yan Qiong Shi and Qi Li and Qing Ping Yu},
	title = {AOI Techniques for Surface Defect Inspection},
	year = {2010},
	month = {10},
	volume = {36},
	pages = {297--302},
	booktitle = {Precision Instrumentation and Measurement},
	series = {Applied Mechanics and Materials},
	publisher = {Trans Tech Publications Ltd},
	doi = {10.4028/www.scientific.net/AMM.36.297}
}
@article{taha_emary,
	author = {Eid Mahmoud Taha and Eid Emary and Khalid Moustafa},
	year = {2014},
	month = {07},
	pages = {1095-1102},
	title = {Automatic Optical Inspection for PCB Manufacturing: a Survey},
	volume = {Volume 5},
	journal = {International Journal of Scientific and Engineering Research}
}
@article{li_kuo,
	author={Yu-Ting Li and Paul Kuo and Jiun-In Guo},
	journal={IEEE Transactions on Components, Packaging and Manufacturing Technology}, 
	title={Automatic Industry PCB Board DIP Process Defect Detection System Based on Deep Ensemble Self-Adaption Method}, 
	year={2021},
	volume={11},
	number={2},
	pages={312-323},
	doi={10.1109/TCPMT.2020.3047089}
}
